@Book{book_1,
author = {William Bentley and Peter T. Davis},
ALTeditor = {},
title = {LEAN SIX SIGMA SECRETS FOR THE CIO},
publisher = {CRC Press},
year = {2010},
OPTkey = {•},
OPTvolume = {•},
OPTnumber = {•},
OPTseries = {•},
OPTaddress = {•},
OPTedition = {English},
OPTmonth = {•},
OPTnote = {•},
OPTannote = {•}
}

@Book{book_2,
author = {Stephen P. Robbin and Timothy A. Judge},
ALTeditor = {},
title = {Essencials of Organizational Behavior 12th EDITION},
publisher = {Pearson Education, Inc},
year = {2014},
OPTkey = {•},
OPTvolume = {•},
OPTnumber = {•},
OPTseries = {•},
OPTaddress = {•},
OPTedition = {•},
OPTmonth = {•},
OPTnote = {•},
OPTannote = {•}
}

@Book{book_3,
author = {M. Freedman and Jonathan Passmore},
ALTeditor = {},
title = {The Wiley-Blackwell Handbook of the Psychology of Leadership, Change, and Organizational Development},
publisher = {A John Wiley \& Sons, Ltd},
year = {2013},
OPTkey = {•},
OPTvolume = {•},
OPTnumber = {•},
OPTseries = {•},
OPTaddress = {•},
OPTedition = {•},
OPTmonth = {•},
OPTnote = {•},
OPTannote = {•}
}

@Book{book_4,
author = {Steven L. McShane and Mary Ann Von Glinow},
ALTeditor = {},
title = {ORGANIZATIONAL BEHAVIOR eight edition},
publisher = {MC GRAW HILL Education},
year = {2018},
OPTkey = {•},
OPTvolume = {•},
OPTnumber = {•},
OPTseries = {•},
OPTaddress = {•},
OPTedition = {•},
OPTmonth = {•},
OPTnote = {•},
OPTannote = {•}
}

@Book{book_5,
author = {Garo D. Reisyan},
ALTeditor = {},
title = {Neuro-Organizational Culture A new approach to understanding human behavior and interaction in the workplace},
publisher = {Springer International Publishing Switzerland},
year = {2016},
OPTkey = {•},
OPTvolume = {•},
OPTnumber = {•},
OPTseries = {•},
OPTaddress = {•},
OPTedition = {•},
OPTmonth = {•},
OPTnote = {•},
OPTannote = {•}
}

@Book{book_6,
author = {James L. Gibson and John M. Ivancevich and James H. Donnelly and Jr. Robert Konopaske},
ALTeditor = {},
title = {ORGANIZATIONS: BEHAVIOR, STRUCTURE, PROCESSES, FOURTEENTH EDITION},
publisher = {McGraw-Hill},
year = {2012},
OPTkey = {•},
OPTvolume = {•},
OPTnumber = {•},
OPTseries = {•},
OPTaddress = {•},
OPTedition = {•},
OPTmonth = {•},
OPTnote = {•},
OPTannote = {•}
}

@Book{book_7,
author = {Stephen P. Robbins and Timothy A. Judge},
ALTeditor = {},
title = {Organizational Behavior, 17th edition},
publisher = {Pearson Education Limited},
year = {2016},
OPTkey = {•},
OPTvolume = {•},
OPTnumber = {•},
OPTseries = {•},
OPTaddress = {•},
OPTedition = {•},
OPTmonth = {•},
OPTnote = {•},
OPTannote = {•}
}

@Book{book_8,
author = {Hamid R. Parsaei},
ALTeditor = {},
title = {SIMULATION MODELING HANDBOOK A Practical Approach},
publisher = {CRC Press LLC},
year = {2004},
OPTkey = {•},
OPTvolume = {•},
OPTnumber = {•},
OPTseries = {•},
OPTaddress = {•},
OPTedition = {•},
OPTmonth = {•},
OPTnote = {•},
OPTannote = {•}
}

@Book{book_9,
author = {Jennifer M. George and Gareth R. Jones},
ALTeditor = {},
title = {Understanding and Managing Organizational Behavior sixth Edition},
publisher = {Prentice Hall},
year = {2012},
OPTkey = {•},
OPTvolume = {•},
OPTnumber = {•},
OPTseries = {•},
OPTaddress = {•},
OPTedition = {•},
OPTmonth = {•},
OPTnote = {•},
OPTannote = {•}
}

@Book{book_10,
author = {Carlos A. Marques Pinto and josé A. M. Salgado Rodrigues and Américo dos Santos and Luís T. Melo and Maria Arnaldina Dias Moreira and Rolando B. Rodrigues},
ALTeditor = {},
title = {Fundamentos de Gestão 5ª edição},
publisher = {Editorial Presença},
year = {2014},
OPTkey = {•},
OPTvolume = {•},
OPTnumber = {•},
OPTseries = {•},
OPTaddress = {•},
OPTedition = {•},
OPTmonth = {•},
OPTnote = {•},
OPTannote = {•}
}

@Book{book_11,
author = {EDWIN A. LOCKE},
ALTeditor = {EDWIN A. LOCKE},
title = {HANDBOOK OF PRINCIPLES OF ORGANIZATIONAL BEHAVIOR Indispensable Knowledge for Evidence-Bases Management Second Edition},
publisher = {WILEY},
year = {2009},
OPTkey = {•},
OPTvolume = {•},
OPTnumber = {•},
OPTseries = {•},
OPTaddress = {•},
OPTedition = {English},
OPTmonth = {•},
OPTnote = {•},
OPTannote = {•}
}

@Article{article_1,
author = {Emmanuel Ogbonna and Lloyd c. Harris},
ALTeditor = {},
title = {Leadership style, organizational culture and performance: empirical evidence from UK companies},
publisher = {The International Journal of Human Resource Management},
year = {2000},
journal = {•},
OPTkey = {•},
OPTvolume = {•},
OPTnumber = {•},
OPTseries = {•},
OPTaddress = {•},
OPTedition = {•},
OPTmonth = {•},
OPTnote = {•},
OPTannote = {•}
}

@Article{article_2,
author = {ROQ},
ALTeditor = {},
title = {https://roqinternational.com/pt/},
publisher = {WEBPAGE},
year = {•},
journal = {•},
OPTkey = {•},
OPTvolume = {•},
OPTnumber = {•},
OPTseries = {•},
OPTaddress = {•},
OPTedition = {•},
OPTmonth = {•},
OPTnote = {•},
OPTannote = {•}
}

@InBook{dieter1997a,
editor = {Dieter, George~E. and others},
title = {Materials Selection and Design},
chapter = {Effects of Composition, Processing, and Structure on Properties of Engineering Plastics},
publisher = {ASM International},
year = 1997,
volume = 20,
series = {ASM Handbook},
pages = {434--456},
language = {english},
isbn = {0-87170-386-6}
}

@Book{book-1,
	author = {John Bird},
	title = {HIGHER ENGINEERING MATHEMATICS, Sixth Edition},
	publisher = {Elsevier Ltd},
	year = {2010},
	ALTeditor = {•},
	language = {portuguese},
	OPTkey = {•},
	OPTvolume = {•},
	OPTnumber = {•},
	OPTseries = {•},
	OPTaddress = {•},
	OPTedition = {•},
	OPTmonth = {•},
	OPTnote = {•},
	OPTannote = {•}
}

@Book{book-2,
	author = {PAUL A. TIPLER and GENE MOSCA},
	title = {PHYSICS FOR SCIENTISTS AND ENGINEERS, Extended Version fifth edition},
	publisher = {W. H. Freeman and Company},
	year = {1999},
	ALTeditor = {•},
	language = {portuguese},
	OPTkey = {•},
	OPTvolume = {•},
	OPTnumber = {•},
	OPTseries = {•},
	OPTaddress = {•},
	OPTedition = {•},
	OPTmonth = {•},
	OPTnote = {•},
	OPTannote = {•}
}

@Book{book-3,
	author = {JEARL WALKER and David Halliday Resnick},
	title = {FUNDAMENTALS OF PHYSICS, Halliday and Resnick 10th edition},
	publisher = {John Wiley \& Sons, Inc},
	year = {2014},
	ALTeditor = {•},
	language = {portuguese},
	OPTkey = {•},
	OPTvolume = {•},
	OPTnumber = {•},
	OPTseries = {•},
	OPTaddress = {•},
	OPTedition = {•},
	OPTmonth = {•},
	OPTnote = {•},
	OPTannote = {•}
}

@Book{book-4,
	author = {Richard C. Dorf and Robert H. Bishop},
	title = {Modern Control Systems, Thirteenth Edition},
	publisher = {Pearson Education, Inc},
	year = {2017},
	ALTeditor = {•},
	language = {portuguese},
	OPTkey = {•},
	OPTvolume = {•},
	OPTnumber = {•},
	OPTseries = {•},
	OPTaddress = {•},
	OPTedition = {•},
	OPTmonth = {•},
	OPTnote = {•},
	OPTannote = {•}
}

@Book{book-5,
	author = {Glyn James},
	title = {MODERN ENGINEERING MATHEMATICS, Fifth Edition},
	publisher = {PEARSON EDUCATION LIMITED},
	year = {2015},
	ALTeditor = {•},
	language = {portuguese},
	OPTkey = {•},
	OPTvolume = {•},
	OPTnumber = {•},
	OPTseries = {•},
	OPTaddress = {•},
	OPTedition = {•},
	OPTmonth = {•},
	OPTnote = {•},
	OPTannote = {•}
}

@Book{book-6,
	author = {Stephen Hawking},
	title = {AOS OMBROS de GIGANTES},
	publisher = {Texto Editores, Lda},
	year = {2017},
	ALTeditor = {•},
	language = {portuguese},
	OPTkey = {•},
	OPTvolume = {•},
	OPTnumber = {•},
	OPTseries = {•},
	OPTaddress = {•},
	OPTedition = {•},
	OPTmonth = {•},
	OPTnote = {•},
	OPTannote = {•}
}

Book{book-7,
	author = "Maria Natália Cruz and Isabel Pinheiro Martins and Anabela Martins",
	title = "À Descoberta da Física 9º Ano de Escolaridade 1º. Volume",
	publisher = "Porto Editora, Lda",
	year = "1993",
	ALTeditor = {•},
	language = {portuguese},
	OPTkey = {•},
	OPTvolume = {•},
	OPTnumber = {•},
	OPTseries = {•},
	OPTaddress = {•},
	OPTedition = {•},
	OPTmonth = {•},
	OPTnote = {•},
	OPTannote = {•}
}

@Book{book-8,
	author = {Katsuhiko Ogata},
	title = {Modern Control Engineering Fifth Edition},
	publisher = {Prentice Hall},
	year = {2010},
	ALTeditor = {•},
	language = {portuguese},
	ALTeditor = {•},
	OPTkey = {•},
	OPTvolume = {•},
	OPTnumber = {•},
	OPTseries = {•},
	OPTaddress = {•},
	OPTedition = {•},
	OPTmonth = {•},
	OPTnote = {•},
	OPTannote = {•}
}

@Book{book-9,
	author = {Stephen Beeby and Graham Ensell and Michael Kraft and Neil White},
	title = {MEMS Mechanical Sensors},
	publisher = {ARTECH HOUSE, INC},
	year = {2004},
	ALTeditor = {•},
	language = {•},
	OPTkey = {•},
	OPTvolume = {•},
	OPTnumber = {•},
	OPTseries = {•},
	OPTaddress = {•},
	OPTedition = {•},
	OPTmonth = {•},
	OPTnote = {•},
	OPTannote = {•}
}

@Book{book-10,
	author = {Andrea De Marcellis and Giuseppe Ferri},
	title = {Analog Circuits and Systems for Voltage-Mode and Current-Mode Sensor Interfacing Applications},
	publisher = {Springer},
	year = {2011},
	ALTeditor = {•},
	language = {•},
	OPTkey = {•},
	OPTvolume = {•},
	OPTnumber = {•},
	OPTseries = {•},
	OPTaddress = {•},
	OPTedition = {•},
	OPTmonth = {•},
	OPTnote = {•},
	OPTannote = {•}
}

@Book{book-11,
	author = {Steven F and Barret},
	title = {Embedded Systems Design with the Atmel AVR Microcontroller},
	publisher = {Morgan Claypool Publishers},
	year = {2009},
	ALTeditor = {•},
	language = {•},
	OPTkey = {•},
	OPTvolume = {•},
	OPTnumber = {•},
	OPTseries = {•},
	OPTaddress = {•},
	OPTedition = {•},
	OPTmonth = {•},
	OPTnote = {•},
	OPTannote = {•}
}

Book{book-12,
	author = {•},
	title = {•},
	publisher = {•},
	year = {•},
	ALTeditor = {•},
	language = {portuguese},
	OPTkey = {•},
	OPTvolume = {•},
	OPTnumber = {•},
	OPTseries = {•},
	OPTaddress = {•},
	OPTedition = {•},
	OPTmonth = {•},
	OPTnote = {•},
	OPTannote = {•}
}

InBook{dieter1997a,
	editor =       {Dieter, George~E. and others},
	title =        {Materials Selection and Design},
	chapter =      {Effects of Composition, Processing, and Structure onProperties of Engineering Plastics},
	publisher =    {ASM International},
	year =         1997,
	volume =       20,
	series =       {ASM Handbook},
	pages =        {434--456},
	language =     {english},
	isbn =         {0-87170-386-6}
}

Article{article-1,
	author = {•},
	title = {•},
	publisher = {•},
	year = {•},
	journal = {•},
	ALTeditor = {•},
	language = {portuguese},
	OPTkey = {•},
	OPTvolume = {•},
	OPTnumber = {•},
	OPTseries = {•},
	OPTaddress = {•},
	OPTedition = {•},
	OPTmonth = {•},
	OPTnote = {•},
	OPTannote = {•}
}

Article{article-2,
	author = {•},
	title = {•},
	publisher = {•},
	year = {•},
	journal = {•},
	ALTeditor = {•},
	language = {portuguese},
	OPTkey = {•},
	OPTvolume = {•},
	OPTnumber = {•},
	OPTseries = {•},
	OPTaddress = {•},
	OPTedition = {•},
	OPTmonth = {•},
	OPTnote = {•},
	OPTannote = {•}
}

Article{article-3,
	author = {•},
	title = {•},
	publisher = {•},
	year = {•},
	journal = {•},
	ALTeditor = {•},
	language = {portuguese},
	OPTkey = {•},
	OPTvolume = {•},
	OPTnumber = {•},
	OPTseries = {•},
	OPTaddress = {•},
	OPTedition = {•},
	OPTmonth = {•},
	OPTnote = {•},
	OPTannote = {•}
}

Article{abinger1988a,
	author =      {Abinger, R. and Hammer, F. and Leopold, J. and others},
	title =       {Gro"sschaden an einem 300"=MW"=Dampfturbosatz},
	journal =     {Der Maschinenschaden},
	year =        1988,
	volume =      61,
	number =      2,
	pages =       {58--60},
	language =    {ngerman},
}

Manual{baeker1998a,
	title =   {Automatische Neuvernetzung mit ABAQUS/Standard -- Technikund Anwendungen},
	author =  {B\"aker, M.},
	organization = {Institut f\"ur Werkstoffe, Technische Universit\"atBraunschweig},
	address =  {Braunschweig},
	month =  oct,
	year =  1998,
	language =  {ngerman}
}

TechReport{aurenhammer1996a,
	author =   {Aurenhammer, F. and Klein, R.},
	title =   {Voronoi Diagrams},
	institution =  {FernUniversit\"at Gesamthochschule in Hagen},
	year =   1996,
	number =  198,
	month =  5,
	language =  {english}
}